[gd_scene load_steps=8 format=2]

[ext_resource path="res://entities/characters/enemy/EnemyDefault.tscn" type="PackedScene" id=1]
[ext_resource path="res://entities/characters/enemy/torpedo/TorpedoSprite.tscn" type="PackedScene" id=2]
[ext_resource path="res://entities/components/DamageHitbox.tscn" type="PackedScene" id=3]

[sub_resource type="Shader" id=1]

code = "shader_type canvas_item;

uniform float shader_on;

void fragment() {
	COLOR.rgb = texture(TEXTURE, UV).rgb + shader_on * vec3(1.0);
	COLOR.a = texture(TEXTURE, UV).a;
}"

[sub_resource type="ShaderMaterial" id=2]

resource_local_to_scene = true
render_priority = 0
shader = SubResource( 1 )
shader_param/shader_on = 0.0
_sections_unfolded = [ "Resource", "shader_param" ]

[sub_resource type="CircleShape2D" id=3]

custom_solver_bias = 0.0
radius = 10.4195

[sub_resource type="CircleShape2D" id=4]

custom_solver_bias = 0.0
radius = 18.2398

[node name="Torpedo" index="0" instance=ExtResource( 1 )]

accel_mult = 2.0
max_movement_mult = 2.5
max_hp = 1
def = 0

[node name="Sprite" parent="." index="0"]

material = SubResource( 2 )

[node name="TorpedoSprite" parent="Sprite" index="1" instance=ExtResource( 2 )]

[node name="AI" parent="." index="1"]

max_shooting_range = 0.0
stop_range = 0.0
flee_range = 0.0

[node name="CollisionShape2D" parent="." index="3"]

position = Vector2( 0.540359, -5.9126 )
shape = SubResource( 3 )

[node name="CollisionPolygon2D" parent="HitboxArea" index="0"]

position = Vector2( -0.968559, -0.193718 )
polygon = PoolVector2Array( -0.232422, 10.4105, 25.3375, -5.66756, 10.6154, -23.6827, -19.0224, -24.0702, -19.0224, -1.2122 )

[node name="DamageHitbox" parent="." index="6" instance=ExtResource( 3 )]

collision_layer = 8
collision_mask = 3
_sections_unfolded = [ "Collision", "Material" ]
damage_power = 20

[node name="CollisionShape2D2" type="CollisionShape2D" parent="DamageHitbox" index="0"]

position = Vector2( 0, -6 )
shape = SubResource( 4 )

[connection signal="area_entered" from="DamageHitbox" to="DamageHitbox" method="_on_HitBox_area_entered"]


