[gd_scene load_steps=8 format=2]

[ext_resource path="res://menus/main_menu/MainMenu.gd" type="Script" id=1]
[ext_resource path="res://menus/Audiowide-Regular.ttf" type="DynamicFontData" id=2]
[ext_resource path="res://menus/ItemStyle.tres" type="StyleBox" id=3]
[ext_resource path="res://menus/ItemFocusesStyle.tres" type="StyleBox" id=4]
[ext_resource path="res://menus/ItemFont.tres" type="DynamicFont" id=5]
[ext_resource path="res://menus/main_menu/Menu.ogg" type="AudioStream" id=6]

[sub_resource type="DynamicFont" id=1]
size = 96
use_filter = true
font_data = ExtResource( 2 )

[node name="MainMenu" type="Control"]
anchor_right = 1.0
anchor_bottom = 1.0
script = ExtResource( 1 )

[node name="Title" type="Label" parent="."]
anchor_top = 0.3
anchor_right = 1.0
anchor_bottom = 0.3
margin_bottom = -324.0
custom_fonts/font = SubResource( 1 )
text = "MECHAMORPHOSIS"
align = 1

[node name="Menu" type="VBoxContainer" parent="."]
anchor_left = 0.5
anchor_top = 0.5
anchor_right = 0.5
anchor_bottom = 0.5
margin_left = -200.0
margin_top = -20.0
margin_right = 200.0
margin_bottom = 200.0

[node name="Play" type="Button" parent="Menu"]
margin_right = 400.0
margin_bottom = 78.0
custom_fonts/font = ExtResource( 5 )
custom_styles/hover = ExtResource( 3 )
custom_styles/pressed = ExtResource( 4 )
custom_styles/focus = ExtResource( 4 )
custom_styles/normal = ExtResource( 3 )
text = "Play"

[node name="Options" type="Button" parent="Menu"]
visible = false
margin_top = 66.0
margin_right = 400.0
margin_bottom = 86.0
text = "Options"

[node name="Credits" type="Button" parent="Menu"]
margin_top = 82.0
margin_right = 400.0
margin_bottom = 160.0
custom_fonts/font = ExtResource( 5 )
custom_styles/hover = ExtResource( 3 )
custom_styles/pressed = ExtResource( 4 )
custom_styles/focus = ExtResource( 4 )
custom_styles/normal = ExtResource( 3 )
text = "Credits"

[node name="Quit" type="Button" parent="Menu"]
margin_top = 164.0
margin_right = 400.0
margin_bottom = 242.0
custom_fonts/font = ExtResource( 5 )
custom_styles/hover = ExtResource( 3 )
custom_styles/pressed = ExtResource( 4 )
custom_styles/focus = ExtResource( 4 )
custom_styles/normal = ExtResource( 3 )
text = "Quit"

[node name="AudioStreamPlayer" type="AudioStreamPlayer" parent="."]
stream = ExtResource( 6 )
volume_db = 1.0
autoplay = true
bus = "Music"

[connection signal="pressed" from="Menu/Play" to="." method="_on_Play_pressed"]
[connection signal="pressed" from="Menu/Options" to="." method="_on_Options_pressed"]
[connection signal="pressed" from="Menu/Credits" to="." method="_on_Credits_pressed"]
[connection signal="pressed" from="Menu/Quit" to="." method="_on_Quit_pressed"]
