[gd_scene load_steps=12 format=2]

[ext_resource path="res://rooms/Tiles.tscn" type="PackedScene" id=1]
[ext_resource path="res://rooms/objects/Door.tscn" type="PackedScene" id=2]
[ext_resource path="res://rooms/events/EndCheck.tscn" type="PackedScene" id=3]
[ext_resource path="res://rooms/objects/Altar.tscn" type="PackedScene" id=4]
[ext_resource path="res://entities/components/parts/OilyNail.tscn" type="PackedScene" id=5]
[ext_resource path="res://rooms/transition.shader" type="Shader" id=6]
[ext_resource path="res://rooms/transitions/shards.png" type="Texture" id=7]
[ext_resource path="res://rooms/Transition.gd" type="Script" id=8]
[ext_resource path="res://rooms/som de fundo.ogg" type="AudioStream" id=9]
[ext_resource path="res://rooms/main.ogg" type="AudioStream" id=10]

[sub_resource type="ShaderMaterial" id=1]
shader = ExtResource( 6 )
shader_param/cutoff = 0.0
shader_param/smooth_size = 0.3
shader_param/mask = ExtResource( 7 )

[node name="Room" type="Node2D" groups=["Room"]]

[node name="Tiles" parent="." instance=ExtResource( 1 )]

[node name="Entities" type="YSort" parent="."]

[node name="InitDoor" parent="Entities" instance=ExtResource( 2 )]
locked = true

[node name="EndCheck" parent="Entities" instance=ExtResource( 3 )]
altar_scene = ExtResource( 4 )
new_part_scene = ExtResource( 5 )

[node name="Transition" type="ColorRect" parent="."]
material = SubResource( 1 )
anchor_right = 1.0
anchor_bottom = 1.0
margin_right = 1856.0
margin_bottom = 1014.0
color = Color( 0, 0, 0, 1 )
script = ExtResource( 8 )

[node name="Tween" type="Tween" parent="Transition"]

[node name="bgm" type="AudioStreamPlayer" parent="."]
stream = ExtResource( 9 )
volume_db = -5.0
autoplay = true

[node name="main" type="AudioStreamPlayer" parent="."]
stream = ExtResource( 10 )
volume_db = -25.0
autoplay = true
