[gd_scene load_steps=10 format=2]

[ext_resource path="res://menus/game_over/GameOverPopup.gd" type="Script" id=1]
[ext_resource path="res://menus/game_over/scifi_main_menu.jpg" type="Texture" id=2]
[ext_resource path="res://menus/ItemFocusesStyle.tres" type="StyleBox" id=3]
[ext_resource path="res://menus/ItemStyle.tres" type="StyleBox" id=4]
[ext_resource path="res://menus/game_over/game over.ogg" type="AudioStream" id=5]

[sub_resource type="DynamicFontData" id=1]
font_path = "res://menus/Audiowide-Regular.ttf"

[sub_resource type="DynamicFont" id=2]
size = 140
font_data = SubResource( 1 )

[sub_resource type="DynamicFontData" id=3]
font_path = "res://menus/Audiowide-Regular.ttf"

[sub_resource type="DynamicFont" id=4]
size = 80
font_data = SubResource( 3 )

[node name="GameOverPopup" type="Control"]
anchor_right = 1.0
anchor_bottom = 1.0
script = ExtResource( 1 )

[node name="BackgroundSprite" type="Sprite" parent="."]
position = Vector2( 977.253, 527.427 )
scale = Vector2( 0.7, 0.7 )
texture = ExtResource( 2 )

[node name="GameOverLabel" type="Label" parent="."]
margin_left = 383.0
margin_top = 209.0
margin_right = 1534.0
margin_bottom = 440.0
custom_fonts/font = SubResource( 2 )
text = "Game Over"
align = 1
valign = 1

[node name="RetryButton" type="Button" parent="."]
margin_left = 383.0
margin_top = 546.0
margin_right = 1562.0
margin_bottom = 716.0
custom_fonts/font = SubResource( 4 )
custom_styles/hover = ExtResource( 3 )
custom_styles/pressed = ExtResource( 3 )
custom_styles/focus = ExtResource( 3 )
custom_styles/normal = ExtResource( 4 )
text = "Retry"

[node name="MainMenuButton" type="Button" parent="."]
margin_left = 383.0
margin_top = 705.0
margin_right = 1562.0
margin_bottom = 875.0
custom_fonts/font = SubResource( 4 )
custom_styles/hover = ExtResource( 3 )
custom_styles/pressed = ExtResource( 3 )
custom_styles/focus = ExtResource( 3 )
custom_styles/normal = ExtResource( 4 )
text = "Main Menu"

[node name="AudioStreamPlayer" type="AudioStreamPlayer" parent="."]
stream = ExtResource( 5 )

[connection signal="pressed" from="RetryButton" to="." method="_on_RetryButton_pressed"]
[connection signal="pressed" from="MainMenuButton" to="." method="_on_MainMenuButton_pressed"]
